<record><leader>00000cas a2200000 i 4500</leader><controlfield tag="001">8804188</controlfield><controlfield tag="008">820924d18911903caudr ne      0   a0eng  </controlfield><datafield ind1=" " ind2=" " tag="010"><subfield code="a">sn 82015104 </subfield><subfield code="z">sn 82014380 </subfield></datafield><datafield ind1=" " ind2=" " tag="040"><subfield code="a">DLC</subfield><subfield code="b">eng</subfield><subfield code="e">rda</subfield><subfield code="c">DLC</subfield><subfield code="d">NPV</subfield><subfield code="d">DLC</subfield><subfield code="d">CNK</subfield><subfield code="d">CRL</subfield><subfield code="d">OCLCQ</subfield><subfield code="d">DLC</subfield><subfield code="d">OCLCQ</subfield><subfield code="d">OCLCF</subfield><subfield code="d">IUL</subfield></datafield><datafield ind1=" " ind2=" " tag="019"><subfield code="a">8800916</subfield><subfield code="a">995200488</subfield></datafield><datafield ind1="1" ind2=" " tag="022"><subfield code="a">2151-3929</subfield><subfield code="2">1</subfield></datafield><datafield ind1=" " ind2=" " tag="042"><subfield code="a">pcc</subfield><subfield code="a">nsdp</subfield></datafield><datafield ind1=" " ind2=" " tag="043"><subfield code="a">n-us-ca</subfield></datafield><datafield ind1="0" ind2="0" tag="050"><subfield code="a">Newspaper 7139</subfield></datafield><datafield ind1=" " ind2="4" tag="222"><subfield code="a">The record-union</subfield></datafield><datafield ind1="0" ind2="4" tag="245"><subfield code="a">The record-union.</subfield></datafield><datafield ind1="1" ind2=" " tag="246"><subfield code="i">Sunday issues for Jan. 11-May 17, 1891 have title:</subfield><subfield code="a">Sunday union</subfield></datafield><datafield ind1=" " ind2="1" tag="264"><subfield code="a">Sacramento, Calif. :</subfield><subfield code="b">Sacramento Pub. Co.,</subfield><subfield code="c">[1891-1903]</subfield></datafield><datafield ind1=" " ind2=" " tag="300"><subfield code="a">26 volumes :</subfield><subfield code="b">illustrations (chiefly advertisements) ;</subfield><subfield code="c">61 cm</subfield></datafield><datafield ind1=" " ind2=" " tag="310"><subfield code="a">Daily</subfield></datafield><datafield ind1=" " ind2=" " tag="336"><subfield code="a">text</subfield><subfield code="b">txt</subfield><subfield code="2">rdacontent</subfield></datafield><datafield ind1=" " ind2=" " tag="337"><subfield code="a">unmediated</subfield><subfield code="b">n</subfield><subfield code="2">rdamedia</subfield></datafield><datafield ind1=" " ind2=" " tag="338"><subfield code="a">volume</subfield><subfield code="b">nc</subfield><subfield code="2">rdacarrier</subfield></datafield><datafield ind1="0" ind2=" " tag="362"><subfield code="a">Volume LXXX, no. 121 (Jauary 10, 1891)-v. 105, no. 112 (June 13, 1903) = Whole no. 15,362-whole no. 20,395.</subfield></datafield><datafield ind1=" " ind2=" " tag="500"><subfield code="a">Title from masthead.</subfield></datafield><datafield ind1=" " ind2=" " tag="515"><subfield code="a">Daily and Sunday issues numbered separately, Jan. 11-May 17, 1891.</subfield></datafield><datafield ind1=" " ind2=" " tag="530"><subfield code="a">Also issued on microfilm from Bell &amp; Howell, Micro Photo Div. and University of California.</subfield></datafield><datafield ind1=" " ind2=" " tag="530"><subfield code="a">Archived issues are available in digital format as part of the Library of Congress Chronicling America online collection.</subfield></datafield><datafield ind1=" " ind2=" " tag="580"><subfield code="a">Also published in weekly ed.: Sacramento weekly union.</subfield></datafield><datafield ind1=" " ind2="0" tag="651"><subfield code="a">Sacramento (Calif.)</subfield><subfield code="v">Newspapers.</subfield></datafield><datafield ind1=" " ind2="0" tag="651"><subfield code="a">Sacramento County (Calif.)</subfield><subfield code="v">Newspapers.</subfield></datafield><datafield ind1=" " ind2="7" tag="651"><subfield code="a">California</subfield><subfield code="z">Sacramento.</subfield><subfield code="2">fast</subfield><subfield code="0">(OCoLC)fst01205542</subfield></datafield><datafield ind1=" " ind2="7" tag="651"><subfield code="a">California</subfield><subfield code="z">Sacramento County.</subfield><subfield code="2">fast</subfield><subfield code="0">(OCoLC)fst01214200</subfield></datafield><datafield ind1=" " ind2="7" tag="655"><subfield code="a">Newspapers.</subfield><subfield code="2">fast</subfield><subfield code="0">(OCoLC)fst01423814</subfield></datafield><datafield ind1=" " ind2=" " tag="752"><subfield code="a">United States</subfield><subfield code="b">California</subfield><subfield code="c">Sacramento</subfield><subfield code="d">Sacramento.</subfield></datafield><datafield ind1="1" ind2=" " tag="775"><subfield code="t">Sacramento weekly union</subfield><subfield code="w">(DLC)sn 82006530</subfield><subfield code="w">(OCoLC)8769963</subfield></datafield><datafield ind1="0" ind2="0" tag="780"><subfield code="t">Sacramento daily record-union</subfield><subfield code="x">2151-3899</subfield><subfield code="w">(DLC)sn 82014381</subfield><subfield code="w">(OCoLC)8800957</subfield></datafield><datafield ind1="0" ind2="0" tag="785"><subfield code="t">Sacramento union (Sacramento, Calif. : 1903)</subfield><subfield code="w">(DLC)sn 82014929</subfield><subfield code="w">(OCoLC)8804968</subfield></datafield><datafield ind1="4" ind2="1" tag="856"><subfield code="u">http://www.loc.gov/chroniclingamerica/lccn/sn82015104/issues</subfield></datafield><datafield ind1="4" ind2="1" tag="856"><subfield code="u">http://cdnc.ucr.edu/cdnc/cgi-bin/cdnc?a=cl&amp;cl=CL1.SDU&amp;e=</subfield></datafield><datafield ind1="1" ind2=" " tag="029"><subfield code="a">AU@</subfield><subfield code="b">000025816993</subfield></datafield><datafield ind1="1" ind2=" " tag="029"><subfield code="a">AU@</subfield><subfield code="b">000025827433</subfield></datafield><datafield ind1="1" ind2=" " tag="029"><subfield code="a">NZ1</subfield><subfield code="b">16072849</subfield></datafield></record>